@online{github_reference,
  author    = {VITOFFODJI Adjimon Jerome},
  title     = {Loan Default Prediction},
  year      = {2025},
  url       = {https://github.com/JeromeVitoff/Loan-Default-Prediction}
}

@online{kaggle_reference,
  author    = {SERGEI SHIRKIN},
  title     = {Loan-Default-Prediction Compétition},
  year      = {2019},
  url       = {https://www.kaggle.com/competitions/credit-default-prediction-ai-big-data/overview}
}

@book{azencott2020,
  author    = {Chloé-Agathe Azencott},
  title     = {Introduction au Machine Learning},
  year      = {2020},
  publisher = {Dunod}
}

@book{demangeot2022,
  author    = {Marine Demangeot},
  title     = {Classification supervisée et non supervisée},
  year      = {2022},
  publisher = {Ellipses},
  urldate   = {2022-09-25}
}